<record><leader>00000cas a22000007a 4500</leader><controlfield tag="001">21587593</controlfield><controlfield tag="008">900525d19351936tnuwr ne      0    0eng d</controlfield><datafield ind1=" " ind2=" " tag="010"><subfield code="a">sn 98069889 </subfield></datafield><datafield ind1=" " ind2=" " tag="040"><subfield code="a">TVA</subfield><subfield code="b">eng</subfield><subfield code="c">TVA</subfield><subfield code="d">TGN</subfield><subfield code="d">OCLCQ</subfield><subfield code="d">OCLCF</subfield><subfield code="d">OCLCO</subfield></datafield><datafield ind1="1" ind2=" " tag="029"><subfield code="a">AU@</subfield><subfield code="b">000025927308</subfield></datafield><datafield ind1=" " ind2=" " tag="042"><subfield code="a">msc</subfield></datafield><datafield ind1=" " ind2=" " tag="043"><subfield code="a">n-us-tn</subfield></datafield><datafield ind1=" " ind2=" " tag="092"><subfield code="a">353.00823</subfield><subfield code="b">N857</subfield></datafield><datafield ind1="0" ind2=" " tag="130"><subfield code="a">Norris news (Norris, Tenn. : 1935)</subfield></datafield><datafield ind1="1" ind2="0" tag="245"><subfield code="a">Norris news.</subfield></datafield><datafield ind1=" " ind2=" " tag="260"><subfield code="a">Norris, Tenn. :</subfield><subfield code="b">TVA Employees,</subfield><subfield code="c">1935-1936.</subfield></datafield><datafield ind1=" " ind2=" " tag="300"><subfield code="a">v. :</subfield><subfield code="b">ill. ;</subfield><subfield code="c">48 cm.</subfield></datafield><datafield ind1="0" ind2=" " tag="362"><subfield code="a">Vol. 2, no. 12 (June 20, 1935)-v. 2, no. 2 (Apr. 30, 1936).</subfield></datafield><datafield ind1=" " ind2=" " tag="500"><subfield code="a">"By and for TVA employees."</subfield></datafield><datafield ind1=" " ind2=" " tag="500"><subfield code="a">"To all TVA employees in this area."</subfield></datafield><datafield ind1=" " ind2=" " tag="500"><subfield code="a">"In regard to the TVA, we should like to make it perfectly clear that the Tennessee Valley Authority has nothing whatever to do with the running of this paper"--Vol. 2, no. 12 (June 20, 1935).</subfield></datafield><datafield ind1=" " ind2=" " tag="580"><subfield code="a">Began as an inhouse TVA publication also titled: Norris news.</subfield></datafield><datafield ind1="2" ind2="0" tag="610"><subfield code="a">Tennessee Valley Authority</subfield><subfield code="x">Officials and employees.</subfield></datafield><datafield ind1=" " ind2="0" tag="650"><subfield code="a">American newspapers</subfield><subfield code="z">Tennessee</subfield><subfield code="z">Norris.</subfield></datafield><datafield ind1=" " ind2="0" tag="651"><subfield code="a">Norris (Tenn.)</subfield><subfield code="v">Newspapers.</subfield></datafield><datafield ind1=" " ind2="0" tag="651"><subfield code="a">Anderson County (Tenn.)</subfield><subfield code="v">Newspapers.</subfield></datafield><datafield ind1=" " ind2="7" tag="655"><subfield code="a">Newspapers.</subfield><subfield code="2">fast</subfield><subfield code="0">(OCoLC)fst01423814</subfield></datafield><datafield ind1="2" ind2="7" tag="610"><subfield code="a">Tennessee Valley Authority.</subfield><subfield code="2">fast</subfield><subfield code="0">(OCoLC)fst00549792</subfield></datafield><datafield ind1=" " ind2="7" tag="650"><subfield code="a">American newspapers.</subfield><subfield code="2">fast</subfield><subfield code="0">(OCoLC)fst00807293</subfield></datafield><datafield ind1=" " ind2="7" tag="650"><subfield code="a">Employees.</subfield><subfield code="2">fast</subfield><subfield code="0">(OCoLC)fst00909111</subfield></datafield><datafield ind1=" " ind2="7" tag="651"><subfield code="a">Tennessee</subfield><subfield code="z">Anderson County.</subfield><subfield code="2">fast</subfield><subfield code="0">(OCoLC)fst01218673</subfield></datafield><datafield ind1=" " ind2="7" tag="651"><subfield code="a">Tennessee</subfield><subfield code="z">Norris.</subfield><subfield code="2">fast</subfield><subfield code="0">(OCoLC)fst01215880</subfield></datafield><datafield ind1=" " ind2=" " tag="752"><subfield code="a">United States</subfield><subfield code="b">Tennessee</subfield><subfield code="c">Anderson</subfield><subfield code="d">Norris.</subfield></datafield><datafield ind1="1" ind2=" " tag="787"><subfield code="t">Norris news</subfield><subfield code="w">(OCoLC)21587593</subfield></datafield></record>